<record><leader>00000cas a22000007a 4500</leader><controlfield tag="001">15212118</controlfield><controlfield tag="008">870219d19351936txuwr ne      0    0eng d</controlfield><datafield ind1=" " ind2=" " tag="010"><subfield code="a">sn 86089036 </subfield></datafield><datafield ind1=" " ind2=" " tag="040"><subfield code="a">PPM</subfield><subfield code="b">eng</subfield><subfield code="c">PPM</subfield><subfield code="d">OCLCQ</subfield></datafield><datafield ind1=" " ind2=" " tag="042"><subfield code="a">msc</subfield></datafield><datafield ind1="0" ind2="4" tag="245"><subfield code="a">The Sunray oil dispatch.</subfield></datafield><datafield ind1=" " ind2=" " tag="260"><subfield code="a">Sunray, Tex. :</subfield><subfield code="b">R.W. Miller,</subfield><subfield code="c">1935-</subfield></datafield><datafield ind1=" " ind2=" " tag="310"><subfield code="a">Weekly</subfield></datafield><datafield ind1="0" ind2=" " tag="362"><subfield code="a">Vol. 1, no. 1 (Oct. 24, 1935)-v. 2, no. 4 (Nov. 13, 1936).</subfield></datafield><datafield ind1=" " ind2=" " tag="752"><subfield code="a">United States</subfield><subfield code="b">Texas</subfield><subfield code="c">Moore</subfield><subfield code="d">Sunray.</subfield></datafield><datafield ind1="0" ind2="0" tag="785"><subfield code="t">Sunray dispatch</subfield><subfield code="w">(DLC)sn 86089041</subfield></datafield></record>